@misc{section1question3,
  author="Vojtech Brtnik",
  title="Cryptography – Interesting problems and their solutions – p
art I",
  url={http://www.brtnik.eu/vu/pkc1.pdf}
}

@misc{section2question12,
  author = {Jonathan Katz},
  title = {"Proofs of security"},
  url = {https://www.youtube.com/watch?v=f5e6HpVpN6k}
}

@misc{section2question4,
 url={http://essex.cc/teaching/Information-Security/lectures/SE4472-week3.pdf},
 title={EAV GAme}
}

@misc{section4question1,
    url={http://www.cs.umd.edu/~jkatz/gradcrypto/s11/midterm_soln.pdf},
    title={midterm}
}

@misc{section5question32,
    url={http://www.cs.fsu.edu/~burmeste/cis5371/quiz/HA4-sol.pdf},
    title={Homework solution},
    author={Mike Burmester}
}

@misc{section5question4,
    url={https://crypto.stackexchange.com/questions/11125/why-does-only-length-prepending-improve-the-security-of-cbc-mac},
    title=SO
}
