@article{universityofedinburgh,
    author     = "University of Edinburgh",
    url       = "http://www.inf.ed.ac.uk/teaching/courses/dmmr/slides/16-17/bayes-Ch7.pdf",
    keywords  = "latex,Edinburgh"
}
@book{moderncrypto,
    title={Introduction to modern cryptography}
}
@online{pangram,
    url       = "http://www.themarysue.com/sentences-every-letter-pangram-holoalphabetic-sentence/"
}
@online{persecdef4,
url="https://www.cs.umd.edu/~jkatz/crypto/f02/lectures/lecture3.pdf"
}