@misc{mdpbyprofDanBoneh,
    howpublished="\url=https://www.youtube.com/watch?v=m4NhtUoADfE",
    author="Professor Dan Boneh",
    title="The Merkle-Damgard Paradigm"
}
